% Encoding: UTF-8

@MastersThesis{Silva2016,
  author = {Fabiano Leite da Silva},
  title  = {Metr{\'o}pole corporativa e fragmentada: a urbaniza{\c{c}}{\~a}o da Pen{\'\i}nsula do Ribeir{\~a}o Cocaia-Graja{\'u} em S{\~a}o Paulo},
  school = {Faculdade de Filosofia, Letras e Ci{\^e}ncias Humanas da Universidade de S{\~a}o Paulo},
  year   = {2016},
  note   = {Acesso em 08-08-2018.},
  url    = {http://www.teses.usp.br/teses/disponiveis/8/8136/tde-02122016-131109/pt-br.php},
}

@MastersThesis{Matsunaga2015,
  author = {Matsunaga, Melissa Kikumi},
  title  = {Cantinhos do C{\'e}u},
  school = {Faculdade de Arquitetura e Urbanismo da Universidade de S{\~a}o Paulo},
  year   = {2015},
  note   = {Acesso em 08-08-2018.},
  url    = {http://www.teses.usp.br/teses/disponiveis/16/16135/tde-07032016-165649/pt-br.php},
}


@Book{Barda2012,
  title      = {Entre o c{\'e}u e a {\'a}gua: O Cantinho do C{\'e}u = Sky and water, the living in between: the Cantinho do C{\'e}u},
  publisher  = {HABI: Superintendência de Habitação Popular},
  year       = {2012},
  editor     = {Elisabete Fran{\c{c}}a and Marisa Barda},
  editortype = {Org.},
}

@Misc{Archdaily2013,
  author = {{ARCHDAILY BRASIL}},
  title  = {Urbanização do Complexo Cantinho do Céu / Boldarini Arquitetura e Urbanismo},
  year   = {2013},
  note   = {Acesso em 08-08-2018.},
  url    = {https://www.archdaily.com.br/br/01-157760/urbanizacao-do-complexo-cantinho-do-ceu-slash-boldarini-arquitetura-e-urbanismo},
}

@Comment{jabref-meta: databaseType:bibtex;}
